@article{ganguly_2018, title={A Fast Partitional Clustering Algorithm based on Nearest Neighbours Heuristics}, volume={112}, DOI={10.1016/j.patrec.2018.07.017}, journal={Pattern Recognition Letters}, author={Ganguly, Debasis}, year={2018}, pages={198–204}} 
 
@book{manning_2009, place={New York}, title={Introduction to information retrieval}, publisher={Cambridge University Press}, author={Manning, Christopher D. and Raghavan, Prabhakar and Schütze, Hinrich}, year={2009}} 